<?xml version="1.0" encoding="UTF-8"?><collection xmlns="http://www.loc.gov/MARC21/slim"><record><leader>00441nam--2200157-i-4500</leader><controlfield tag="001">000000103</controlfield><controlfield tag="002">20161230</controlfield><controlfield tag="005">20161230201023</controlfield><controlfield tag="008">060222s1000------------r-----000-0-eng-d</controlfield><datafield ind1=" " ind2=" " tag="080"><subfield code="a">519.62</subfield></datafield><datafield ind1=" " ind2=" " tag="100"><subfield code="a">Fried, Isaac</subfield></datafield><datafield ind1=" " ind2=" " tag="245"><subfield code="a">Numerical solution of differential equations</subfield></datafield><datafield ind1=" " ind2=" " tag="260"><subfield code="a">New York, Academic Press. Xiii + 261 P</subfield></datafield><datafield ind1=" " ind2=" " tag="490"><subfield code="a">Computer Science And Applied Mathematics</subfield></datafield><datafield ind1=" " ind2=" " tag="852"><subfield code="a">46949</subfield><subfield code="c">517.9</subfield></datafield><datafield ind1=" " ind2=" " tag="CAT"><subfield code="a">Sys</subfield><subfield code="c">20090304</subfield><subfield code="h">101132</subfield></datafield></record></collection>